@article{merabet2010neural,
  title={Neural reorganization following sensory loss: the opportunity of change},
  author={Merabet, Lotfi B and Pascual-Leone, Alvaro},
  journal={Nature Reviews Neuroscience},
  volume={11},
  number={1},
  pages={44--52},
  year={2010},
  publisher={Nature Publishing Group UK London}
}

@article{sohn2019decoding,
  title={Decoding consciousness},
  author={Sohn, Emily},
  journal={Nature},
  volume={571},
  number={7766},
  pages={S2--S5},
  year={2019},
  publisher={Macmillan Publishers Ltd., London, England}
}

@article{yavari2018basic,
  title={Basic and functional effects of transcranial Electrical Stimulation (tES)â€”An introduction},
  author={Yavari, Fatemeh and Jamil, Asif and Samani, Mohsen Mosayebi and Vidor, Liliane Pinto and Nitsche, Michael A},
  journal={Neuroscience \& Biobehavioral Reviews},
  volume={85},
  pages={81--92},
  year={2018},
  publisher={Elsevier}
}

@article{farah2017neuroscience,
  title={The neuroscience of socioeconomic status: Correlates, causes, and consequences},
  author={Farah, Martha J},
  journal={Neuron},
  volume={96},
  number={1},
  pages={56--71},
  year={2017},
  publisher={Elsevier}
}

@article{meynell2013delusions,
  title={Delusions of Gender: How Our Minds, Society, and Neurosexism Create Difference. By Cordelia Fine. New York: WW Norton \& Company, 2010.-Brain Storm: The Flaws in the Science of Sex Differences. By Rebecca M. Jordan-Young Cambridge, Mass.: Harvard University Press, 2010.},
  author={Meynell, Letitia},
  journal={Hypatia},
  volume={28},
  number={3},
  pages={684--689},
  year={2013},
  publisher={Cambridge University Press}
}

@article{amodio2014neuroscience,
  title={The neuroscience of prejudice and stereotyping},
  author={Amodio, David M},
  journal={Nature Reviews Neuroscience},
  volume={15},
  number={10},
  pages={670--682},
  year={2014},
  publisher={Nature Publishing Group UK London}
}
